@inproceedings{mariano2015cloud,
  title={Is cloud gaming the future of the gaming industry?},
  author={Mariano, Bryce and Koo, Simon GM},
  booktitle={Ubiquitous and Future Networks (ICUFN), 2015 Seventh International Conference on},
  pages={969--972},
  year={2015},
  organization={IEEE}
}

@article{shea2013cloud,
  title={Cloud gaming: architecture and performance},
  author={Shea, Ryan and Liu, Jiangchuan and Ngai, Edith and Cui, Yong},
  journal={Network, IEEE},
  volume={27},
  number={4},
  pages={16--21},
  year={2013},
  publisher={IEEE}
}

@article{chuah2014cloud,
  title={Cloud gaming: a green solution to massive multiplayer online games},
  author={Chuah, Seong-Ping and Yuen, Chau and Cheung, Ngai-Man},
  journal={Wireless Communications, IEEE},
  volume={21},
  number={4},
  pages={78--87},
  year={2014},
  publisher={IEEE}
}

@inproceedings{huang2013gaminganywhere,
  title={GamingAnywhere: an open cloud gaming system},
  author={Huang, Chun-Ying and Hsu, Cheng-Hsin and Chang, Yu-Chun and Chen, Kuan-Ta},
  booktitle={Proceedings of the 4th ACM multimedia systems conference},
  pages={36--47},
  year={2013},
  organization={ACM}
}

@article{lee2015outatime,
  title={Outatime: Using speculation to enable low-latency continuous interaction for mobile cloud gaming},
  author={Lee, Kyungmin and Chu, David and Cuervo, Eduardo and Kopf, Johannes and Wolman, Alec and Degtyarev, Yury and Grizan, Sergey and Flinn, Jason},
  journal={GetMobile: Mobile Computing and Communications},
  volume={19},
  number={3},
  pages={14--17},
  year={2015},
  publisher={ACM}
}

@article{shirmohammadi2015delay,
  title={Delay Reduction in Cloud Gaming},
  author={Shirmohammadi, Shervin},
  journal={IEEE COMSOC Multimedia Communications Technical Committee E-Letter},
  volume={10},
  number={6},
  year={2015}
}

@inproceedings{jarschel2011evaluation,
  title={An evaluation of QoE in cloud gaming based on subjective tests},
  author={Jarschel, Michael and Schlosser, Daniel and Scheuring, Sven and Ho{\ss}feld, Tobias},
  booktitle={Innovative Mobile and Internet Services in Ubiquitous Computing (IMIS), 2011 Fifth International Conference on},
  pages={330--335},
  year={2011},
  organization={IEEE}
}

@article{deutsch1994eight,
  title={The eight fallacies of distributed computing},
  author={Deutsch, Peter},
  journal={URL: http://today. java. net/jag/Fallacies. html},
  year={1994}
}

@article{mell2011nist,
  title={The NIST definition of cloud computing},
  author={Mell, Peter and Grance, Tim},
  year={2011},
  publisher={Computer Security Division, Information Technology Laboratory, National Institute of Standards and Technology Gaithersburg}
}

@article{kirkpatrick2013software,
  title={Software-defined networking},
  author={Kirkpatrick, Keith},
  journal={Communications of the ACM},
  volume={56},
  number={9},
  pages={16--19},
  year={2013},
  publisher={ACM}
}

@article{kim2013improving,
  title={Improving network management with software defined networking},
  author={Kim, Hyojoon and Feamster, Nick},
  journal={Communications Magazine, IEEE},
  volume={51},
  number={2},
  pages={114--119},
  year={2013},
  publisher={IEEE}
}

@misc{witcher,
   title={{Witcher III} System Minimum and Recommended System Requirements and Upgrade Guide},
   author={Piner, David},
   year={2016},
   note = {[Online]. [Accessed 15 April 2016]. Available from: http://www.tentonhammer.com/guides/witcher-iii-system-minimum-and-recommended-system-requirements-and-upgrade-guide}
}

@misc{goty2015,
  author = {{GameCentral for Metro.co.uk}},
  title = {The Witcher 3 wins Game of the Year at Golden Joysticks 2015},
  year = {2015},
  publisher={Metro},
  note = {[Online]. [Accessed 15 April 2016]. Available from: http://metro.co.uk/2015/10/30/the-witcher-3-wins-ultimate-game-of-the-year-at-golden-joysticks-2015-5471812/}
}

@inproceedings{choy2012brewing,
  title={The brewing storm in cloud gaming: A measurement study on cloud to end-user latency},
  author={Choy, Sharon and Wong, Bernard and Simon, Gwendal and Rosenberg, Catherine},
  booktitle={Proceedings of the 11th annual workshop on network and systems support for games},
  pages={2},
  year={2012},
  organization={IEEE Press}
}

@misc{rtsp,
  author = {Schulzrinne, H and Rao, A and Lanphier, R},
  title = {Real Time Streaming Protocol},
  year = {1998},
  note = {[Online]. [Accessed 20 April 2016]. Available from: https://www.ietf.org/rfc/rfc2326.txt}
}

@inproceedings{chen2011measuring,
  title={Measuring the latency of cloud gaming systems},
  author={Chen, Kuan-Ta and Chang, Yu-Chun and Tseng, Po-Han and Huang, Chun-Ying and Lei, Chin-Laung},
  booktitle={Proceedings of the 19th ACM international conference on Multimedia},
  pages={1269--1272},
  year={2011},
  organization={ACM}
}

@misc{displaylag,
  author = {Soomoro, Adeel},
  title = {What is Input Lag: The Breakdown},
  year = {2013},
  note = {[Online]. [Accessed 21 April 2016]. Available from: http://www.displaylag.com/what-is-input-lag-the-breakdown/}
}

@inproceedings{jadeja2012cloud,
  title={Cloud computing-concepts, architecture and challenges},
  author={Jadeja, Yaju and Modi, Kavan},
  booktitle={Computing, Electronics and Electrical Technologies (ICCEET), 2012 International Conference on},
  pages={877--880},
  year={2012},
  organization={IEEE}
}

@misc{cloudservices,
author = {Kumawat, Amit},
title = {Cloud Service Models (IaaS, SaaS, PaaS) + How Microsoft Office 365, Azure Fit In},
year = {2013},
note = {[Online]. [Accessed on 22 April 2016]. Available from: http://www.cmswire.com/cms/information-management/cloud-service-models-iaas-saas-paas-how-microsoft-office-365-azure-fit-in-021672.php}
}

@article{grossman2009case,
  title={The case for cloud computing},
  author={Grossman, Robert L},
  journal={IT professional},
  volume={11},
  number={2},
  pages={23--27},
  year={2009},
  publisher={IEEE}
}

@inproceedings{beigbeder2004effects,
  title={The effects of loss and latency on user performance in unreal tournament 2003{\textregistered}},
  author={Beigbeder, Tom and Coughlan, Rory and Lusher, Corey and Plunkett, John and Agu, Emmanuel and Claypool, Mark},
  booktitle={Proceedings of 3rd ACM SIGCOMM workshop on Network and system support for games},
  pages={144--151},
  year={2004},
  organization={ACM}
}